<?xml version="1.0" encoding="UTF-8"?><collection xmlns="http://www.loc.gov/MARC21/slim"><record><leader>00382nam--2200133-i-4500</leader><controlfield tag="001">000008903</controlfield><controlfield tag="002">20161230</controlfield><controlfield tag="005">20161230201028</controlfield><controlfield tag="008">060222s1000------------r-----000-0-eng-d</controlfield><datafield ind1=" " ind2=" " tag="100"><subfield code="a">Afzal, F.A., Seleem, M. And Rafique, M.M</subfield></datafield><datafield ind1=" " ind2=" " tag="245"><subfield code="a">Solar energy. abibliography of selected literature</subfield></datafield><datafield ind1=" " ind2=" " tag="260"><subfield code="a">Lahore(W.Pakistan), Atomic Energy Centre, 1966 79 P</subfield></datafield><datafield ind1=" " ind2=" " tag="490"><subfield code="a">15</subfield></datafield><datafield ind1=" " ind2=" " tag="852"><subfield code="a">D1236</subfield></datafield></record></collection>